@techreport{piermartini2014knowledge,
  title={Knowledge spillovers through international supply chains},
  author={Piermartini, Roberta and Rub{\'\i}nov{\'a}, Stela},
  year={2014},
  institution={The Graduate Institute of International and Development Studies}
}

@Article{fixest2018,
    title = {Efficient estimation of maximum likelihood models with multiple fixed-effects: the {R} package {FENmlm}},
    author = {Laurent Berg\'e},
    year = {2018},
    journal = {CREA Discussion Papers},
    number = {13}
 }
  
@Manual{collapse2021,
    title = {collapse: Advanced and Fast Data Transformation in {R}},
    author = {Sebastian Krantz},
    year = {2021},
    note = {R package version 1.6.4},
    url = {https://CRAN.R-project.org/package=collapse}
  }

@techreport{LiLiu2015moving,
  title={Moving up the value chain},
  author={Li, B. and Liu, Y.},
  year={2015},
  institution={Boston University},
  type={Mimeo}
}

@techreport{kummritz2015global,
  title={Global value chains: benefiting the domestic economy?},
  author={Kummritz, Victor},
  year={2015},
  institution={Graduate Institute of International and Development Studies Working Paper}
}

@article{beverelli2019domestic,
  title={Domestic value chains as stepping stones to global value chain integration},
  author={Beverelli, Cosimo and Stolzenburg, Victor and Koopman, Robert B and Neumueller, Simon},
  journal={The World Economy},
  volume={42},
  number={5},
  pages={1467--1494},
  year={2019},
  publisher={Wiley Online Library}
}

@article{benz2015trade,
  title={Trade in ideas: Outsourcing and knowledge spillovers},
  author={Benz, Sebastian and Larch, Mario and Zimmer, Markus},
  journal={International Economics and Economic Policy},
  volume={12},
  number={2},
  pages={221--237},
  year={2015},
  publisher={Springer}
}

@article{baldwin2014trade,
  title={Trade-in-goods and trade-in-tasks: An integrating framework},
  author={Baldwin, Richard and Robert-Nicoud, Fr{\'e}d{\'e}ric},
  journal={Journal of International Economics},
  volume={92},
  number={1},
  pages={51--62},
  year={2014},
  publisher={Elsevier}
}

@TechReport{Kummritz2014,
  author={Bastiaan Quast and Victor Kummritz},
  title={Decompr: Global Value Chain Decomposition In R},
  year=2015,
  institution={Centre for Trade and Economic Integration, The Graduate Institute},
  type={CTEI Working Papers series},
  url={https://ideas.repec.org/p/gii/cteiwp/ctei-2015-01.html},
  number={01-2015}
}


@article{koopman2014tracing,
  title={Tracing value-added and double counting in gross exports},
  author={Koopman, Robert and Wang, Zhi and Wei, Shang-Jin},
  journal={American Economic Review},
  volume={104},
  number={2},
  pages={459--94},
  year={2014}
}

@article{leontief1936quantitative,
  title={Quantitative input and output relations in the economic systems of the United States},
  author={Leontief, Wassily W},
  journal={The Review of Economic Statistics},
  pages={105--125},
  year={1936},
  publisher={JSTOR}
}

@article{Kummritz20161,
author = {Kummritz, Victor},
doi = {10.1002/pd},
journal = {CTEI Working Paper No 2016-01},
title = {Do Global Value Chains Cause Industrial Development?},
url = {http://repec.graduateinstitute.ch/pdfs/cteiwp/CTEI-2016-01.pdf},
year = {2016}
}

@article{kwizera2019factors,
  title={The factors influencing countries to participate in Global Value Chains evidence from East African Community (EAC)},
  author={Kwizera, Mr Placide Aime},
  journal={International Journal of Information Research and Review},
  volume={6},
  number={1},
  pages={5},
  year={2019}
}

@article{daly2016maize,
  title={Maize value chains in East Africa},
  author={Daly, Jack and Hamrick, Danny and Gereffi, Gary and Guinn, Andrew},
  journal={Duke Center on Globalization, Governance, and Competitiveness},
  year={2016}
}

@article{lenzen2012mapping,
  title={Mapping the structure of the world economy},
  author={Lenzen, Manfred and Kanemoto, Keiichiro and Moran, Daniel and Geschke, Arne},
  journal={Environmental Science \& Technology},
  volume={46},
  number={15},
  pages={8374--8381},
  year={2012},
  publisher={ACS Publications}
}

@article{lenzen2013building,
  title={Building Eora: a global multi-region input--output database at high country and sector resolution},
  author={Lenzen, Manfred and Moran, Daniel and Kanemoto, Keiichiro and Geschke, Arne},
  journal={Economic Systems Research},
  volume={25},
  number={1},
  pages={20--49},
  year={2013},
  publisher={Taylor \& Francis}
}

@TechReport{kowalski2015participation,
  author={Przemyslaw Kowalski and Javier Lopez Gonzalez and Alexandros Ragoussis and Cristian Ugarte},
  title={Participation of Developing Countries in Global Value Chains: Implications for Trade and Trade-Related Policies},
  year=2015,
  month=Apr,
  institution={OECD Publishing},
  type={OECD Trade Policy Papers},
  url={https://ideas.repec.org/p/oec/traaab/179-en.html},
  number={179},
  keywords={developing countries; East and Southern Africa; global value chains; GVCs; intermediate inputs; inve},
  doi={10.1787/5js33lfw0xxn-en}
}


@TechReport{foster2015global,
  author={Foster-McGregor, Neil and Kaulich, Florian and Stehrer, Robert},
  title={{Global Value Chains in Africa}},
  year=2015,
  institution={United Nations University - Maastricht Economic and Social Research Institute on Innovation and Technology (MERIT)},
  type={MERIT Working Papers},
  url={https://ideas.repec.org/p/unm/unumer/2015024.html},
  number={2015-024},
  keywords={Africa; Global Value Chains; GVC; Upgrading}
}



@article{hummels2001nature,
  title={The nature and growth of vertical specialization in world trade},
  author={Hummels, David and Ishii, Jun and Yi, Kei-Mu},
  journal={Journal of International Economics},
  volume={54},
  number={1},
  pages={75--96},
  year={2001},
  publisher={Elsevier}
}

@techreport{timmer2012world,
  title={The World Input-Output Database ({WIOD}): Contents, sources and methods},
  author={Timmer, Marcel and Erumban, Abdul A. and Gouma, Reitze and Los, Bart and Temurshoev, Umed and de Vries, Gaaitzen J. and Arto, I{\~n}aki and Andreoni, Valeria and Neuwahl, Frederik and Francois, Joseph and others},
  year={2012},
  institution={Institute for International and Development Economics}
}


@techreport{wang2013quantifying,
  title={Quantifying international production sharing at the bilateral and sector levels},
  author={Wang, Zhi and Wei, Shang-Jin and Zhu, Kunfu},
  year={2013},
  type={Working Paper},
  institution={National Bureau of Economic Research},
  number={19677}
}

@article{balassa1965trade,
  title={Trade liberalisation and “revealed” comparative advantage 1},
  author={Balassa, Bela},
  journal={The Manchester School},
  volume={33},
  number={2},
  pages={99--123},
  year={1965},
  publisher={Wiley Online Library}
}

@article{baldwin2015supply,
  title={Supply-chain trade: A portrait of global patterns and several testable hypotheses},
  author={Baldwin, Richard and Lopez-Gonzalez, Javier},
  journal={The World Economy},
  volume={38},
  number={11},
  pages={1682--1721},
  year={2015},
  publisher={Wiley Online Library}
}


@article{daudin2011produces,
  title={Who produces for whom in the world economy?},
  author={Daudin, Guillaume and Rifflart, Christine and Schweisguth, Danielle},
  journal={Canadian Journal of Economics/Revue Canadienne d'{\'E}conomique},
  volume={44},
  number={4},
  pages={1403--1437},
  year={2011},
  publisher={Wiley Online Library}
}



  @article{Kummritz20162,
    title = {Global Value Chains in Low and Middle Income Countries},
    author = {Kummritz, Victor and Quast, Bastiaan},
    organization = {The Graduate Institute},
    address = {Maison de la Paix, Geneva, Switzerland},
    journal = {CTEI Working Papers},
    number = {10},
    year = {2016},
    url = {https://ideas.repec.org/p/gii/cteiwp/ctei-2016-10.html}
  }

@article{hausman1978specification,
  title={Specification tests in econometrics},
  author={Hausman, Jerry A},
  journal={Econometrica},
  pages={1251--1271},
  year={1978},
  publisher={JSTOR}
}

@book{wooldridge2010econometric,
  title={Econometric analysis of cross section and panel data},
  author={Wooldridge, Jeffrey M},
  year={2010},
  publisher={MIT press}
}

@article{koller2011sharpening,
  title={Sharpening wald-type inference in robust regression for small samples},
  author={Koller, Manuel and Stahel, Werner A},
  journal={Computational Statistics \& Data Analysis},
  volume={55},
  number={8},
  pages={2504--2515},
  year={2011},
  publisher={Elsevier}
}

@article{yohai1987high,
  title={High breakdown-point and high efficiency robust estimates for regression},
  author={Yohai, Victor J},
  journal={The Annals of Statistics},
  pages={642--656},
  year={1987},
  publisher={JSTOR}
}

@article{rousseeuw2009robustbase,
  title={Robustbase: basic robust statistics},
  author={Rousseeuw, Peter and Croux, Christophe and Todorov, Valentin and Ruckstuhl, Andreas and Salibian-Barrera, Matias and Verbeke, Tobias and Koller, Manuel and Maechler, Martin},
  journal={R package version 0.93-6, URL http://CRAN.R-project.org/package=robustbase},
  year={2020}
}

@incollection{aloo2017free,
  title={Free Movement of Goods in the {EAC}},
  author={Aloo, Leonard Obura},
  booktitle={East African Community Law},
  pages={303--325},
  year={2017},
  publisher={Brill Nijhoff}
}

@misc{world2020trading,
  title={Trading for development in the age of global value chains},
  author={{World Bank}},
  journal={World Development Report 2020},
  year={2020},
  publisher={The World Bank Washington, DC}
}

@article{jangam2021does,
  title={Does global value chain participation enhance domestic value-added in exports? Evidence from emerging market economies},
  author={Jangam, Bhushan Praveen and Rath, Badri Narayan},
  journal={International Journal of Finance \& Economics},
  volume={26},
  number={2},
  pages={1681--1694},
  year={2021},
  publisher={Wiley Online Library}
}

@article{durongkaveroj2023emphasis,
  title={Emphasis on domestic value added in export in the era of global value chain: Evidence from Thailand},
  author={Durongkaveroj, Wannaphong},
  journal={Journal of Industrial and Business Economics},
  volume={50},
  number={3},
  pages={703--729},
  year={2023},
  publisher={Springer}
}

@article{altun2023does,
  title={Does global value chain participation boost high technology exports?},
  author={Altun, Abdullah and Avsar, Ilker Ibrahim and Turan, Taner and Yanikkaya, Halit},
  journal={Journal of International Development},
  volume={35},
  number={5},
  pages={820--837},
  year={2023},
  publisher={Wiley Online Library}
}

@article{shen2021towards,
  title={Towards a dynamic model of the industrial upgrading with global value chains},
  author={Shen, Jim Huangnan and Zhang, Luyao and Lee, Chien-Chiang and Zhang, Jun and Shen, Leilei},
  journal={The World Economy},
  volume={44},
  number={9},
  pages={2683--2702},
  year={2021},
  publisher={Wiley Online Library}
}

@article{tian2022global,
  title={Global value chain participation and its impact on industrial upgrading},
  author={Tian, Kailan and Dietzenbacher, Erik and Jong-A-Pin, Richard},
  journal={The World Economy},
  volume={45},
  number={5},
  pages={1362--1385},
  year={2022},
  publisher={Wiley Online Library}
}

@article{pahl2020global,
  title={Do global value chains enhance economic upgrading? A long view},
  author={Pahl, Stefan and Timmer, Marcel P},
  journal={The Journal of Development Studies},
  volume={56},
  number={9},
  pages={1683--1705},
  year={2020},
  publisher={Taylor \& Francis}
}

@article{constantinescu2019does,
  title={Does vertical specialisation increase productivity?},
  author={Constantinescu, Cristina and Mattoo, Aaditya and Ruta, Michele},
  journal={The World Economy},
  volume={42},
  number={8},
  pages={2385--2402},
  year={2019},
  publisher={Wiley Online Library}
}


@techreport{kummritz2017economic,
  title={Economic upgrading through global value chain participation: Which policies increase the value added gains?},
  author={Kummritz, Victor and Taglioni, Daria and Winkler, Deborah E.},
  year={2017},
  institution={World Bank Policy Research Working Paper},
  number={8007}
}

@article{dalle2013industrial,
  title={Industrial policy and developmental space: The missing piece in the {GVCs} debate},
  author={Dalle, Demian and Fossati, Veronica and Lavopa, Federico},
  journal={Revista Argentina de Econom{\'\i}a Internacional},
  volume={2},
  pages={3--14},
  year={2013}
}

@techreport{rodrik2018new,
  title={New technologies, global value chains, and developing economies},
  author={Rodrik, Dani},
  year={2018},
  institution={National Bureau of Economic Research}
}

@article{huo2022full,
  title={Full-scale, near real-time multi-regional input--output table for the global emerging economies {(EMERGING)}},
  author={Huo, Jingwen and Chen, Peipei and Hubacek, Klaus and Zheng, Heran and Meng, Jing and Guan, Dabo},
  journal={Journal of Industrial Ecology},
  volume={26},
  number={4},
  pages={1218--1232},
  year={2022},
  publisher={Wiley Online Library}
}

@techreport{borin2019measuring,
  title={Measuring what matters in global value chains and value-added trade},
  author={Borin, Alessandro and Mancini, Michele},
  year={2019},
  institution={World Bank Policy Research Working Paper},
  number={8804}
}

@article{mancini2023positioning,
  title={Positioning in Global Value Chains: World Map and Indicators, a New Dataset Available for {GVC} Analyses},
  author={Mancini, Michele and Montalbano, Pierluigi and Nenci, Silvia and Vurchio, Davide},
  journal={The World Bank Economic Review},
  pages={lhae005},
  year={2024},
  publisher={Oxford University Press}
}

@article{antras2018measurement,
  title={On the measurement of upstreamness and downstreamness in global value chains},
  author={Antr{\`a}s, Pol and Chor, Davin},
  journal={World Trade Evolution: Growth, Productivity and Employment},
  volume={5},
  pages={126--194},
  year={2018},
  publisher={Taylor \& Francis Group New York}
}

@article{antras2013organizing,
  title={Organizing the global value chain},
  author={Antr{\`a}s, Pol and Chor, Davin},
  journal={Econometrica},
  volume={81},
  number={6},
  pages={2127--2204},
  year={2013},
  publisher={Wiley Online Library}
}

@article{antras2012measuring,
  title={Measuring the upstreamness of production and trade flows},
  author={Antr{\`a}s, Pol and Chor, Davin and Fally, Thibault and Hillberry, Russell},
  journal={American Economic Review},
  volume={102},
  number={3},
  pages={412--416},
  year={2012},
  publisher={American Economic Association}
}

@article{fally2012production,
  title={Production staging: measurement and facts},
  author={Fally, Thibault},
  journal={University of Colorado Boulder},
  pages={155--168},
  year={2012},
  publisher={Citeseer}
}

@TechReport{belotti2020icio,
  author={Belotti,Federico and Borin,Alessandro and Mancini,Michele},
  title={icio: Economic Analysis with Inter-Country Input-Output Tables in {Stata}},
  year=2020,
  institution={The World Bank},
  type={Policy Research Working Paper Series},
  url={https://ideas.repec.org/p/wbk/wbrwps/9156.html},
  number={9156}
}

@TechReport{CEPIIBACI,
author={Guillaume Gaulier and Soledad Zignago},
title={{BACI: International} Trade Database at the Product-Level. {The} 1994-2007 Version},
year=2010,
month=October,
institution={CEPII},
type={Working Papers},
url={http://www.cepii.fr/CEPII/fr/publications/wp/abstract.asp?NoDoc=2726},
number={2010-23},
} 

@book{IMFDOTS,
  title={Direction of trade statistics},
  author={{IMF General Statistics Division}},
  year={1993},
  publisher={International Monetary Fund},
  url = {https://data.imf.org/?sk=9d6028d4f14a464ca2f259b2cd424b85}
}

@Manual{rmigest,
    title = {migest: Methods for the Indirect Estimation of Bilateral Migration},
    author = {Guy J. Abel},
    year = {2023},
    note = {R package version 2.0.4},
    url = {https://CRAN.R-project.org/package=migest},
  }
  

@techreport{Daly2017RVCs,
  title={Regional value chains in East Africa: Summary report},
  author={Daly, Jack and Abdulsamad, Ajmal and Gereffi, Gary},
  institution={International Growth Center},
  year={2017},
  type={Project report},
  url={https://www.theigc.org/sites/default/files/2017/05/Daly-et-al-2017-summary-paper.pdf}, 
}

@book{EGF21,
  title={Beyond Recovery: Policies Towards Resurgent Growth in Uganda},
  year={2021},
  author={MoFPED},
  editor={Musisi, Albert and Newfarmer, Richard},
  publisher={Ministry of Finance, Planning and Economic Development of Uganda and International Growth Center},
  url={https://mepd.finance.go.ug/documents/EGF/EGF-Book.pdf}
}

@TechReport{fowler2019agro,
  title={Agro-industrialisation in {Uganda}},
  author={Fowler, Martin and Rauschendorfer, Jakob},
  year={2019},
  institution={International Growth Center},
  type={Working Paper},
  url={https://www.theigc.org/sites/default/files/2019/11/Fowler-and-Rauschendorfer-2019-Working-paper-v2.pdf},
  number={F-IH-UGA-006-2}
}

@book{van2020institutional,
  title={Institutional and technological innovations to foster agro-industrialization in Uganda: Insights from the dairy value chain},
  author={Van Campenhout, Bjorn and Nabwire, Leocardia and Minten, Bart and Ariong, Richard M},
  year={2020},
  publisher={Intl Food Policy Research Institute}
}

@article{lwesya2022integration,
  title={Integration into regional or global value chains and economic upgrading prospects: an analysis of the {East African Community (EAC)} bloc},
  author={Lwesya, Francis},
  journal={Future Business Journal},
  volume={8},
  number={1},
  pages={33},
  year={2022},
  publisher={Springer}
}

@article{fernandes2022determinants,
  title={Determinants of global value chain participation: cross-country evidence},
  author={Fernandes, Ana Margarida and Kee, Hiau Looi and Winkler, Deborah},
  journal={The World Bank Economic Review},
  volume={36},
  number={2},
  pages={329--360},
  year={2022},
  publisher={Oxford University Press}
}

@article{koller2011sharpening,
  title={Sharpening wald-type inference in robust regression for small samples},
  author={Koller, Manuel and Stahel, Werner A},
  journal={Computational Statistics \& Data Analysis},
  volume={55},
  number={8},
  pages={2504--2515},
  year={2011},
  publisher={Elsevier}
}

 @Article{robustbase,
    title = {An Object-Oriented Framework for Robust Multivariate Analysis},
    author = {Valentin Todorov and Peter Filzmoser},
    journal = {Journal of Statistical Software},
    year = {2009},
    volume = {32},
    number = {3},
    pages = {1--47},
    url = {https://www.jstatsoft.org/article/view/v032i03/},
  }
  
@article{antras2022global,
  title={Global value chains},
  author={Antr{\`a}s, Pol and Chor, Davin},
  journal={Handbook of International Economics},
  volume={5},
  pages={297--376},
  year={2022},
  publisher={Elsevier}
}

@article{antras2020geography,
  title={On the geography of global value chains},
  author={Antr{\`a}s, Pol and De Gortari, Alonso},
  journal={Econometrica},
  volume={88},
  number={4},
  pages={1553--1598},
  year={2020},
  publisher={Wiley Online Library}
}

@article{miller2017output,
  title={Output upstreamness and input downstreamness of industries/countries in world production},
  author={Miller, Ronald E and Temurshoev, Umed},
  journal={International Regional Science Review},
  volume={40},
  number={5},
  pages={443--475},
  year={2017},
  publisher={SAGE Publications Sage CA: Los Angeles, CA}
}

@article{rodriguez2000trade,
  title={Trade policy and economic growth: a skeptic's guide to the cross-national evidence},
  author={Rodriguez, Francisco and Rodrik, Dani},
  journal={NBER Macroeconomics Annual},
  volume={15},
  pages={261--325},
  year={2000},
  publisher={MIT press}
}

@article{balie2019does,
  title={Does Trade Policy Impact Food and Agriculture Global Value Chain Participation of Sub-Saharan African Countries?},
  author={Bali{\'e}, Jean and Del Prete, Davide and Magrini, Emiliano and Montalbano, Pierluigi and Nenci, Silvia},
  journal={American Journal of Agricultural Economics},
  volume={101},
  number={3},
  pages={773--789},
  year={2019},
  publisher={Wiley Online Library}
}

@article{obasaju2021regional,
  title={Regional economic integration and economic upgrading in global value chains: selected cases in Africa},
  author={Obasaju, Barnabas Olusegun and Olayiwola, Wumi Kolawole and Okodua, Henry and Adediran, Oluwasogo Sunday and Lawal, Adedoyin Isola},
  journal={Heliyon},
  volume={7},
  number={2},
  year={2021},
  publisher={Elsevier}
}

@techreport{engel2016sacu,
  author       = {Engel, Jakob and Winkler, Deborah and Farole, Thomas},
  title        = {{SACU} in Global Value Chains : Measuring {GVC} Integration, Position, and Performance of {Botswana, Lesotho, Namibia, South Africa, and Swaziland}},
  institution  = {World Bank},
  year         = {2016},
  address      = {Washington, DC, United States of America},
  publisher={World Bank, Washington, DC},
  url          = {https://policycommons.net/artifacts/1291484/sacu-in-global-value-chains/1894428/},
  note         = {Retrieved on 20 Jul 2024. CID: 20.500.12592/5bdj09}
}

@article{tinta2017determinants,
  title={The determinants of participation in global value chains: The case of {ECOWAS}},
  author={Tinta, Abdoulganiour Almame},
  journal={Cogent Economics \& Finance},
  volume={5},
  number={1},
  pages={1389252},
  year={2017},
  publisher={Taylor \& Francis}
}

@article{barrientos2016shifting,
  title={Shifting regional dynamics of global value chains: Implications for economic and social upgrading in African horticulture},
  author={Barrientos, Stephanie and Knorringa, Peter and Evers, Barbara and Visser, Margareet and Opondo, Maggie},
  journal={Environment and Planning A: Economy and Space},
  volume={48},
  number={7},
  pages={1266--1283},
  year={2016},
  publisher={SAGE Publications Sage UK: London, England}
}

@article{krishnan2018origin,
  title={The origin and expansion of regional value chains: The case of Kenyan horticulture},
  author={Krishnan, Aarti},
  journal={Global Networks},
  volume={18},
  number={2},
  pages={238--263},
  year={2018},
  publisher={Wiley Online Library}
}

@article{dihel2018does,
  title={How does participation in value chains matter to African farmers?},
  author={Dihel, Nora Carina and Grover, Arti and Hollweg, Claire H and Slany, Anja},
  journal={World Bank Policy Research Working Paper},
  number={8506},
  year={2018}
}

@article{pietrobelli2018innovation,
  title={Innovation in mining value chains: New evidence from Latin America},
  author={Pietrobelli, Carlo and Marin, Anabel and Olivari, Jocelyn},
  journal={Resources Policy},
  volume={58},
  pages={1--10},
  year={2018},
  publisher={Elsevier}
}


@TechReport{altomonte2018trade,
  author={Carlo Altomonte and Laura Bonacorsi and Italo Colantobe},
  title={{Trade and Growth in the Age of Global Value Chains}},
  year={2018},
  institution={BAFFI CAREFIN, Centre for Applied Research on International Markets Banking Finance and Regulation, Universita' Bocconi, Milano, Italy},
  type={BAFFI CAREFIN Working Papers},
  url={https://ideas.repec.org/p/baf/cbafwp/cbafwp1897.html},
  number={1897}
}


@article{romer1999does,
  title={Does Trade Cause Growth?},
  author={Romer, David H and Frankel, Jeffrey A and others},
  journal={American Economic Review},
  volume={89},
  number={3},
  pages={379--399},
  year={1999},
  publisher={American Economic Association}
}

@techreport{feyrer2009distance,
  title={Distance, trade, and income-the 1967 to 1975 closing of the suez canal as a natural experiment},
  author={Feyrer, James},
  institution  = {National Bureau of Economic Research},
  type         = {Working Paper},
  series       = {NBER Working Paper Series},
  nummber={15557},
  year={2009},
  doi={10.3386/w15557},
  url          = {https://www.nber.org/papers/w15557}
}

@article{feyrer2019trade,
  title={Trade and income—exploiting time series in geography},
  author={Feyrer, James},
  journal={American Economic Journal: Applied Economics},
  volume={11},
  number={4},
  pages={1--35},
  year={2019},
  publisher={American Economic Association 2014 Broadway, Suite 305, Nashville, TN 37203-2425}
}

@article{novy2013gravity,
  title={Gravity redux: measuring international trade costs with panel data},
  author={Novy, Dennis},
  journal={Economic Inquiry},
  volume={51},
  number={1},
  pages={101--121},
  year={2013},
  publisher={Wiley Online Library}
}

@article{arvis2016trade,
  title={Trade costs in the developing world: 1996--2010},
  author={Arvis, Jean-Fran{\c{c}}ois and Duval, Yann and Shepherd, Ben and Utoktham, Chorthip and Raj, Anasuya},
  journal={World Trade Review},
  volume={15},
  number={3},
  pages={451--474},
  year={2016},
  publisher={Cambridge University Press}
}
